@INPROCEEDINGS{5686315,
author={Kim, J.H.},
booktitle={Humanoid Robots (Humanoids), 2010 10th IEEE-RAS International Conference on},
title={Motion planning of optimal throw for whole-body humanoid},
year={2010},
month={dec.},
}

@article{JooH2011438,
title = "Optimization of throwing motion planning for whole-body humanoid mechanism: Sidearm and maximum distance",
author = "Kim, Joo",
journal = "Mechanism and Machine Theory",
year = "2011",
}

@phdthesis{diankovThesis,
 author = "Rosen Diankov",
 title = "Automated Construction of Robotic Manipulation Programs",
 school = "Carnegie Mellon University, Robotics Institute",
 month = "August",
 year = "2010",
}
 
 @INPROCEEDINGS{100034,
author={Ying, Z.-Y. and Xi, Y.-G. and Zhang, Z.-H.},
booktitle={Robotics and Automation, 1989. Proceedings., 1989 IEEE International Conference on},
title={Test of the reachability of a robot to an object},
year={1989},
}

@incollection {springerlink:101007,
   author = {Xue, Zhixing and Dillmann, Ruediger},
   affiliation = {Forschungszentrum Informatik, Haid-und-Neu Str. 10-14, 76131 Karlsruhe, Germany},
   title = {Efficient Grasp Planning with Reachability Analysis},
   booktitle = {Intelligent Robotics and Applications},
   series = {Lecture Notes in Computer Science},
   editor = {Liu, Honghai and Ding, Han and Xiong, Zhenhua and Zhu, Xiangyang},
   publisher = {Springer Berlin / Heidelberg},
   year = {2010}
}

@INPROCEEDINGS{1570152,
author={ Geraerts, R. and Overmars, M.H.},
booktitle={Robotics and Automation, 2005. ICRA 2005. Proceedings of the 2005 IEEE International Conference on},
title={Reachability Analysis of Sampling Based Planners},
year={2005},
month={april},
}

@INPROCEEDINGS{509405,
author={Kato, N. and Matsuda, K. and Nakamura, T.},
booktitle={Advanced Motion Control, 1996. AMC '96-MIE. Proceedings., 1996 4th International Workshop on},
title={Adaptive control for a throwing motion of a 2 DOF robot},
year={1996},
month={mar},
}

@ARTICLE{Lynch97dynamicnonprehensile,
    author = {Kevin M. Lynch and Matthew T. Mason},
    title = {Dynamic Nonprehensile Manipulation: Controllability, Planning, and Experiments},
    journal = {International Journal of Robotics Research},
    year = {1997},
}

@INPROCEEDINGS{5152525,
author={Mori, W. and Ueda, J. and Ogasawara, T.},
booktitle={Robotics and Automation, 2009. ICRA '09. IEEE International Conference on},
title={1-DOF dynamic pitching robot that independently controls velocity, Angular velocity, and direction of a ball: Contact models and motion planning},
year={2009},
month={may},
}

@INPROCEEDINGS{509335,
author={Nakamura, T.},
booktitle={Advanced Motion Control, 1996. AMC '96-MIE. Proceedings., 1996 4th International Workshop on},
title={Search guided by skill in motion planning using dynamic programming },
year={1996},
month={mar},
}

@article {springerlink:10.1007/s10015-006-0401-0,
   author = {Sato, Asaji and Sato, Osamu and Takahashi, Nobuya and Kono, Michio},
   affiliation = {Miyakonojo National College of Technology Department of Mechanical Engineering 473-1 Yoshio Miyakonojo 885-8567 Japan 473-1 Yoshio Miyakonojo 885-8567 Japan},
   title = {Trajectory for saving energy of a direct-drive manipulator in throwing motion},
   journal = {Artificial Life and Robotics},
   publisher = {Springer Japan},
   year = {2007}
}

@INPROCEEDINGS{4651142,
author={Senoo, T. and Namiki, A. and Ishikawa, M.},
booktitle={Intelligent Robots and Systems, 2008. IROS 2008. IEEE/RSJ International Conference on},
title={High-speed throwing motion based on kinetic chain approach},
year={2008},
month={sept.},
}

@article{Herring19921173,
title = "Effects of changes in segmental values and timing of both torque and torque reversal in simulated throws",
journal = "Journal of Biomechanics",
year = "1992",
author = "R.M. Herring and A.E. Chapman"
}




@article{cross:305,
author = {Rod Cross},
collaboration = {},
title = {Physics of overarm throwing},
publisher = {AAPT},
year = {2004},
journal = {American Journal of Physics},
}

@ARTICLE{4309277,
author={Vukobratovic, Miomir},
journal={Systems, Man and Cybernetics, IEEE Transactions on},
title={How to Control Artificial Anthropomorphic Systems},
year={1973},
}

@INPROCEEDINGS{4813913,
author={Vande Weghe, M. and Ferguson, D. and Srinivasa, S.S.},
booktitle={Humanoid Robots, 2007 7th IEEE-RAS International Conference on},
title={Randomized path planning for redundant manipulators without inverse kinematics},
year={2007},
month={dec.},
}

@INPROCEEDINGS{4048118,
author={W. A. Wolovich and H. Elliott},
booktitle={Decision and Control, 1984. The 23rd IEEE Conference on},
title={A computational technique for inverse kinematics},
year={1984},
month={dec. },
}

@INPROCEEDINGS{6094987,
author={Grunberg, David K. and Lofaro, Daniel M. and Oh, Paul Y. and Kim, Youngmoo E.},
booktitle={Intelligent Robots and Systems (IROS), 2011 IEEE/RSJ International Conference on},
title={Robot audition and beat identification in noisy environments},
year={2011},
month={sept.},
}


@INPROCEEDINGS{5686847,
author={Lofaro, D.M. and Oh, P. and JunHo Oh and Youngmoo Kim},
booktitle={Humanoid Robots (Humanoids), 2010 10th IEEE-RAS International Conference on},
title={Interactive musical participation with humanoid robots through the use of novel musical tempo and beat tracking techniques in the absence of auditory cues},
year={2010},
month={dec.},
}

@INPROCEEDINGS{5928689,
author={Kim, Y.E. and Grunberg, D.K. and Batula, A.M. and Lofaro, D.M. and JunHo Oh and Oh, P.Y.},
booktitle={Collaboration Technologies and Systems (CTS), 2011 International Conference on},
title={Enabling humanoid musical interaction and performance},
year={2011},
month={may},
}




@INPROCEEDINGS{5686325,
author={Ellenberg, R. and Sherbert, R. and Oh, P.Y. and Alspach, A. and Gross, R.J. and JunHo Oh},
booktitle={Humanoid Robots, 10th IEEE-RAS International Conference on},
title={A common interface for humanoid simulation and hardware},
year={2010},
}

@INPROCEEDINGS{5686276,
author={Youngbum Jun and Ellenberg, R. and Oh, P.},
booktitle={Humanoid Robots, 10th IEEE-RAS International Conference on},
title={Realization of miniature humanoid for obstacle avoidance with real-time ZMP preview control used for full-sized humanoid},
year={2010},
month={dec.},
}


@INPROCEEDINGS{5379582,
author={Ellenberg, R. and Grunberg, D. and Oh, P.Y. and Youngmoo Kim},
booktitle={Humanoid Robots, 9th IEEE-RAS International Conference on},
title={Using miniature humanoids as surrogate research platforms},
year={2009},
month={dec.},
}



@InProceedings{schaal01/BIRG,
   affiliation = {EPFL},
   author      = {Schaal, S. and Vijayakumar, S. and D'Souza, S. and
                 Ijspeert, A.J. and Nakanishi, J.},
   booktitle   = {International {S}ymposium of {R}obotics {R}esearch ({ISRR}01)},
   publisher   = {Springer},
   status      = {PUBLISHED},
   title       = {Real-time statistical learning for robotics and human augmentation},
   unit        = {BIOROB},
   year        = 2001
}

@INPROCEEDINGS{6094892,
author={Wang, Zhikun and Lampert, Christoph H. and Mulling, Katharina and Scholkopf, Bernhard and Peters, Jan},
booktitle={Intelligent Robots and Systems (IROS), 2011 IEEE/RSJ International Conference on},
title={Learning anticipation policies for robot table tennis},
year={2011},
month={sept.},
}

@INPROCEEDINGS{6094757,
author={Haddadin, Sami and Krieger, Kai and Kunze, Mirko and Albu-Schaffer, Alin},
booktitle={Intelligent Robots and Systems (IROS), 2011 IEEE/RSJ International Conference on},
title={Exploiting potential energy storage for cyclic manipulation: An analysis for elastic dribbling with an anthropomorphic robot},
year={2011},
month={sept.},
}


@INPROCEEDINGS{5649335,
author={JwuSheng Hu and MingChih Chien and YungJung Chang and ShyhHaur Su and ChenYu Kai},
booktitle={Intelligent Robots and Systems (IROS), 2010 IEEE/RSJ International Conference on},
title={A ball-throwing robot with visual feedback},
year={2010},
}

@INPROCEEDINGS{dlofaro-srm,
author={Lofaro, D. and Ellenberg, R. and Oh, P. and JunHo Oh},
booktitle={Intelligent Robots and Systems (IROS), 2012 IEEE/RSJ International Conference on},
title={Humanoid Throwing: Design of Collision-Free Trajectories with Sparse Reachable Maps},
year={2012},
month={oct.},
}

@ARTICLE{Fleisig1996,
  author = {S. Fleisig and R. F. Escamilla and J. R. Andrews and T. Matsuo and Y. Satterwhite and S. W. Barrentine},
  title = {Kinematic and kinetic comparison between baseball pitching and football passing},
  journal = {Journal of Applied Biomechanics},
  year = {1996},
}





@ARTICLE{barrentiine1998,
  author = {W. Barrentine and T. Matsuo and R. F. Escamilla and G. S. Fleisig and J. R. Andrews},
  title = {Kinematic analysis of the wrist and forearm during baseball pitching},
  journal = {Journal of Applied Biomechanics},
  year = {1998},
  month = {jan },
}

@ARTICLE{Mochizuki1998,
  author = {Y. Mochizuki and T. Matsumoto and S. Inokuchi and K. Omura},
  title = {Computer simulation of the effect of ball mass and shape to upper limb in baseball pitching},
  journal = {Theoretical and Applied Mechanics},
  year = {1998},
}


@ARTICLE{Akira1999,
  author = {Akira Uesaki and Yoshiyuki Mochizuki and Tomoyuki Matsuo and Ken Hashizume and Koichi Omura and Seiji Inokuchi},
  title = {Computer simulation for dynamics analysis of pedaling motion on lower limbs in a racing cycle},
  journal = {Theoretical and Applied Mechanics},
  year = {1999},
}

@ARTICLE{an1984,
  author = {An, K.},
  title = {Kinematic analysis of human movement},
  journal = {Annals of Biomedical Engineering},
  year = {1984},
}


@INPROCEEDINGS{5937342, 
author={Mirabella, O. and Raucea, A. and Fisichella, F. and Gentile, L.}, 
booktitle={Human System Interactions (HSI), 2011 4th International Conference on}, title={A motion capture system for sport training and rehabilitation}, 
year={2011}, 
month={may}, 
}

@CONFERENCE{Polland2002,
  author = {S.Pollard and J. Hondgins and M.J.Riley and C. Atkeson},
  title = {Adapting human motion for the control of a humanoid robot},
  booktitle = {In Proc. of IEEE International Conference on Robotics and Automation},
  year = {2002},
}

@INPROCEEDINGS{1545060, 
author={Qiang Huang and Zhaoqin Peng and Weimin Zhang and Lige Zhang and Kejie Li}, 
booktitle={Intelligent Robots and Systems, 2005. (IROS 2005). 2005 IEEE/RSJ International Conference on}, title={Design of humanoid complicated dynamic motion based on human motion capture}, 
year={2005}, 
month={aug.}, 
}

@ARTICLE{5756898, 
author={Gaertner, Stefan and Do, Martin and Asfour, Tamim and Dillmann, Ruediger and Simonidis, Christian and Seemann, Wolfgang}, 
journal={Robotics (ISR), 2010 41st International Symposium on and 2010 6th German Conference on Robotics (ROBOTIK)}, title={Generation of Human-like Motion for Humanoid Robots Based on Marker-based Motion Capture Data}, 
year={2010}, 
month={june}, 
}


@ONLINE{mlbrules,
author = {
Sandy Alderson and
Brian Gorman and
John Schuerholz and
Bob Beban and
John McHale, Jr.  and
Jimmie Lee Solomon  and
Rod Carew  and
Terry Ryan  and
Bill Stoneman
},
title = {Official Rules of Major League Baseball},
month = Jun,
year = {2012},
url = {http://mlb.mlb.com/mlb/official\_info/official\_rules/foreword.jsp}
}

@article{Vukobratovic19721,
title = "On the stability of anthropomorphic systems",
journal = "Mathematical Biosciences",
year = "1972",
author = "M. Vukobratovic and J. Stepanenko"
}

@INPROCEEDINGS{5379574, 
author={Baek-Kyu Cho and Sang-Sin Park and Jun-ho Oh}, 
booktitle={Humanoid Robots, 2009. Humanoids 2009. 9th IEEE-RAS International Conference on}, title={Controllers for running in the humanoid robot, HUBO}, 
year={2009}, 
month={dec.}, 
}


@INPROCEEDINGS{lofaroURAI, 
author={Lofaro, D. and Oh, P.}, 
booktitle={Humanoid Throws Inaugural Pitch at Major League Baseball Game: Challenges, Approach, Implementation and Lessons Learned}, 
year={2012}, 
month={nov.}, 
}


